<?xml version="1.0" encoding="UTF-8"?><collection xmlns="http://www.loc.gov/MARC21/slim"><record><leader>00472nam--2200181-i-4500</leader><controlfield tag="001">000037968</controlfield><controlfield tag="002">20161230</controlfield><controlfield tag="005">20170113223703</controlfield><controlfield tag="008">060222s1000------------r-----000-0-eng-d</controlfield><datafield ind1=" " ind2=" " tag="080"><subfield code="a">541.1</subfield></datafield><datafield ind1=" " ind2=" " tag="100"><subfield code="a">Rauen, H. M</subfield></datafield><datafield ind1=" " ind2=" " tag="245"><subfield code="a">Gegenstrom-verteilung. Mit 65 abbild</subfield></datafield><datafield ind1=" " ind2=" " tag="260"><subfield code="a">Berlin</subfield><subfield code="b">Springer-Verlag</subfield><subfield code="c">1953</subfield></datafield><datafield ind1=" " ind2=" " tag="300"><subfield code="a">VII + 81 p</subfield></datafield><datafield ind1=" " ind2=" " tag="490"><subfield code="a">Anleitungen Die Chemische Laboratoriumspraxis</subfield></datafield><datafield ind1=" " ind2=" " tag="700"><subfield code="a">Stamm, W</subfield></datafield><datafield ind1=" " ind2=" " tag="852"><subfield code="a">11672</subfield></datafield><datafield ind1=" " ind2=" " tag="CAT"><subfield code="a">SYS</subfield><subfield code="c">20170113</subfield><subfield code="h">223703</subfield></datafield></record></collection>